% Encoding: UTF-8

@InProceedings{Thorenfeldt1987,
  author    = {Thorenfeldt, E. and Tomaszewicz, A. and Jensen, J. J.},
  title     = {Mechanical Properties of High-{S}trength Concrete and Applications in Design},
  booktitle = {Symposium Proceedings, Utilization of High-{S}trength Concrete},
  year      = {1987},
  address   = {Norway},
}

@Article{Tsai1988,
  author    = {Tsai, Wan T.},
  title     = {Uniaxial Compressional Stress--{S}train Relation of Concrete},
  journal   = {Journal of Structural Engineering},
  year      = {1988},
  volume    = {114},
  number    = {9},
  pages     = {2133--2136},
  month     = sep,
  doi       = {10.1061/(asce)0733-9445(1988)114:9(2133)},
  publisher = {American Society of Civil Engineers ({ASCE})},
}

@Article{Popovics1973,
  author    = {Popovics, Sandor},
  title     = {A Numerical Approach to the Complete Stress--{S}train Curve of Concrete},
  journal   = {Cement and Concrete Research},
  year      = {1973},
  volume    = {3},
  number    = {5},
  pages     = {583--599},
  month     = sep,
  doi       = {10.1016/0008-8846(73)90096-3},
  publisher = {Elsevier {BV}},
}

@PhdThesis{Scott1980,
  author = {Scott, Bryan D.},
  title  = {Stress--{S}train Relationshiops for Confined Concrete: Rectangular Sections},
  school = {University of Canterbury},
  year   = {1980},
  type   = {phdthesis},
  month  = feb,
}

@Article{Belarbi1994,
  author  = {Belarbi, Abdeldjelil and Hsu, Thomas T. C.},
  title   = {Constitutive Laws of Concrete in Tension and Reinforcing Bars Stiffened by Concrete},
  journal = {Structural Journal},
  year    = {1994},
  volume  = {91},
  number  = {4},
  pages   = {465--474},
  month   = jan,
}

@Comment{jabref-meta: databaseType:bibtex;}
